<?xml version="1.0" encoding="UTF-8"?><collection xmlns="http://www.loc.gov/MARC21/slim"><record><leader>00594nam--2200181-u-4500</leader><controlfield tag="001">000054969</controlfield><controlfield tag="002">20161230</controlfield><controlfield tag="005">20161230201051</controlfield><controlfield tag="008">120717s1000------------r-----000-0-ger-d</controlfield><datafield ind1=" " ind2=" " tag="040"><subfield code="a">IFIN-HH</subfield></datafield><datafield ind1=" " ind2=" " tag="041"><subfield code="a">ger</subfield></datafield><datafield ind1=" " ind2=" " tag="080"><subfield code="a">539.196(043)</subfield></datafield><datafield ind1="1" ind2=" " tag="100"><subfield code="a">Liegener, Christoph-maria</subfield></datafield><datafield ind1="1" ind2="0" tag="245"><subfield code="a">Einige aspekte der methode der greenschen funktionen zur berechnung der ionisierungspotentiale und anregungsenergien von molekulen und clustern</subfield><subfield code="b">Disertation</subfield><subfield code="c">Christoph-maria liegener</subfield></datafield><datafield ind1=" " ind2=" " tag="260"><subfield code="a">Berlin</subfield><subfield code="b">Universitat</subfield><subfield code="c">1981</subfield></datafield><datafield ind1=" " ind2=" " tag="300"><subfield code="a">100P</subfield></datafield><datafield ind1=" " ind2=" " tag="852"><subfield code="a">49934</subfield><subfield code="c">539.19</subfield></datafield><datafield ind1=" " ind2=" " tag="CAT"><subfield code="a">Sys</subfield><subfield code="c">20120717</subfield><subfield code="h">101818</subfield></datafield></record></collection>